@article{flesch1948new,
  title={A new readability yardstick.},
  author={Flesch, Rudolph},
  journal={Journal of applied psychology},
  volume={32},
  number={3},
  pages={221},
  year={1948},
  publisher={American Psychological Association}
}

@article{berger2012makes,
  title={What makes online content viral?},
  author={Berger, Jonah and Milkman, Katherine L},
  journal={Journal of marketing research},
  volume={49},
  number={2},
  pages={192--205},
  year={2012},
  publisher={American Marketing Association}
}

@article{hoerl1970ridge,
  title={Ridge regression: Biased estimation for nonorthogonal problems},
  author={Hoerl, Arthur E and Kennard, Robert W},
  journal={Technometrics},
  volume={12},
  number={1},
  pages={55--67},
  year={1970},
  publisher={Taylor \& Francis Group}
}

@misc{NaiveBayes,
  author = {Greg Lamp},
  title = {Naive Bayes in Python},
  howpublished = {\url{http://blog.yhathq.com/posts/naive-bayes-in-python.html}},
  note={Accessed: 2015-12-06}
}

@inproceedings{rennie2003tackling,
  title={Tackling the poor assumptions of naive bayes text classifiers},
  author={Rennie, Jason D and Shih, Lawrence and Teevan, Jaime and Karger, David R and others},
  booktitle={ICML},
  volume={3},
  pages={616--623},
  year={2003},
  organization={Washington DC)}
}

@misc{ridgeregressionNotes,
  author        = {Guy Bresler and Tatsunori Hashimoto},
  title         = {Lecture notes on: regularization and bias-variance tradeoffs},
  month         = {September},
  year          = {2015},
  publisher={Massachussetts Institute of Technology}
}